@misc{voyager,
	ALTauthor = "Lecomte, Erwan",
	ALTeditor = "Sciences et Avenir",
	title = "Comment Voyager communique-t-elle avec la Terre?",
	url =" https://www.sciencesetavenir.fr/espace/comment-voyager-dialogue-t-elle-avec-la-terre_33840",
}

@article{shannon,
	author = "Shannon, Claude E",
	title = "A Mathematical Theory of Communication",
	journaltitle = "The Bell System Technical Journal",
	date = "July, October, 1948",
	OPTvolume = "27",
	OPTpages = "379–423, 623–656",
}

